
@article{maso2022,
  author  = {Masó, Miguel and De-Pouplana, Ignasi and Oñate, Eugenio},
  year    = {2022},
  month   = {02},
  pages   = {114362},
  title   = {A FIC-FEM procedure for the shallow water equations over partially wet domains},
  volume  = {389},
  journal = {Computer Methods in Applied Mechanics and Engineering},
  doi     = {10.1016/j.cma.2021.114362}
}

@article{maso2022b,
  author  = {Masó, Miguel and Franci, Alessandro and De-Pouplana, Ignasi and Cornejo, Alejandro and Oñate, Eugenio},
  year    = {2022},
  month   = {07},
  pages   = {2213-7467},
  journal = {Advanced Modeling and Simulation in Engineering Sciences},
  title   = {A Lagrangian-Eulerian procedure for the coupled solution of the Navier-Stokes and shallow water equations for landslide-generated waves},
  doi     = {10.1186/s40323-022-00225-9}
}

@article{pouplana2023,
  title    = {A prototype of a micro-scale model for the distribution of NO2 in urban areas},
  journal  = {Atmospheric Pollution Research},
  volume   = {14},
  number   = {2},
  pages    = {101668},
  year     = {2023},
  issn     = {1309-1042},
  doi      = {10.1016/j.apr.2023.101668},
  author   = {Ignasi De-Pouplana and Salvador Latorre and Miguel Masó and Cristina Alonso and Eva Pérez and Xavier Guinart and Isabel Hernández and Xavier Baulies and Eugenio Oñate},
  keywords = {NO urban pollution, Micro-scale, 2.5D model, Traffic, Finite element method}
}

@article{puigferrat2021,
  author  = {Puigferrat, A. and Masó, M. and De-Pouplana, I. and Casas, G. and Oñate E.},
  title   = {Semi-Lagrangian formulation for the advection-diffusion-absorption equation},
  year    = {2021},
  month   = {07},
  volume  = {380},
  journal = {Computer Methods in Applied Mechanics and Engineering},
  pages   = {113807:1--113807:26},
  doi     = {10.1016/j.cma.2021.113807}
}

@thesis{maso2023,
  author      = {Masó, M.},
  title       = {Coupling shallow water models with three-dimensional models for the study of fluid-structure interaction problems using the particle finite element method},
  institution = {Universitat Politècnica de Catalunya},
  school      = {Barcelona School of Civil Engineering},
  year        = {2022}
}

@inproceedings{proc:maso2019,
  author    = {Maso, M. and De-Pouplana, I. and Oñate, E.},
  title     = {Coupling shallow water models with 3D models for the study of fluid-structure interaction problems using the particle finite element method},
  booktitle = {Particles 2019 - VI International Conference on Particle-based Methods},
  year      = {2019},
  address   = {Barcelona, Spain},
  timestamp = {2019.10.29}
}

@inproceedings{proc:maso2022,
  author    = {Maso, M. and Franci, A. and De-Pouplana, I. and Cornejo, A. and Oñate, E.},
  title     = {A one-way coupled Lagrangian-Eulerian procedure for the solution of landslide-generated waves},
  booktitle = {WCCM APCOM - 15th World Congress on Computation Mecchanics \& 8th Asian Pacific Congress on Computation Mechanics},
  year      = {2022},
  address   = {Yokohama, Japan (Virtual)},
  timestamp = {2022.08.31}
}


@inproceedings{proc:maso2022b,
  author    = {Maso, M. and Franci, A. and De-Pouplana, I. and Cornejo, A. and Oñate, E.},
  title     = {Un Procedimiento Lagrangiano-Euleriano para la Solución Acoplada de las Ecuaciones de Navier-Stokes y Aguas Poco Profundas para Olas Generadas por Deslizamientos de Laderas},
  booktitle = {CMN XV - Congress on Numerical Methods Engineering},
  year      = {2022},
  address   = {Las Palmas de Gran Canaria, Spain},
  timestamp = {2022.10.13}
}

@article{montanino2025,
title = {One-way coupled Eulerian–Lagrangian strategy for wave propagation and impact on coastal areas},
journal = {Communications in Nonlinear Science and Numerical Simulation},
volume = {147},
pages = {108845},
year = {2025},
issn = {1007-5704},
doi = {https://doi.org/10.1016/j.cnsns.2025.108845},
author = {Andrea Montanino and Miguel Masó Sotomayor and Alessandro Franci},
keywords = {PFEM, Boussinesq, Shallow-water, One-way coupling, Wave impact, Risk assessment},
}
